@misc{SARC,
    title={A Large Self-Annotated Corpus for Sarcasm}, 
    author={Mikhail Khodak and Nikunj Saunshi and Kiran Vodrahalli},
    year={2018},
    eprint={1704.05579},
    archivePrefix={arXiv},
    primaryClass={cs.CL},
    url={https://arxiv.org/abs/1704.05579}, 
}

@article{Helal_2024,
    author = {Nivin A. Helal and Ahmed Hassan and Nagwa L. Badr and Yasmine M. Afify},
    title = {A contextual-based approach for sarcasm detection},
    journal = {Scientific Reports},
    year = {2024},
    volume = {14},
    number = {1},
    pages = {15415},
    doi = {10.1038/s41598-024-65217-8},
    url = {https://doi.org/10.1038/s41598-024-65217-8},
    issn = {2045-2322}
}

@article{Juli_2024,
    author = {Juli, Ana and Suci, Marina and Esti, Apriyani},
    year = {2024},
    month = {06},
    pages = {206-215},
    title = {Comparison Of Slang In Millennials And Gen Z: A Semantic Analysis In The Context Of Linguistic Learning},
    volume = {2},
    journal = {Semantik : Jurnal Riset Ilmu Pendidikan, Bahasa dan Budaya},
    doi = {10.61132/semantik.v2i3.792}
}

@article{Sandor_2024,
    author = {Daniel Šandor and Marina Bagić Babac},
    title = {Sarcasm detection in online comments using machine learning},
    journal = {Information Discovery and Delivery},
    year = {2024},
    volume = {52},
    number = {2},
    pages = {213--226},
    doi = {10.1108/IDD-01-2023-0002},
    url = {https://doi.org/10.1108/IDD-01-2023-0002},
    publisher = {Emerald Publishing Limited},
    issn = {2398-6247}
}

@inbook{Das_2021,
    title={Parallel Deep Learning-Driven Sarcasm Detection from Pop Culture Text and English Humor Literature},
    ISBN={9789811615436},
    ISSN={2194-5365},
    url={http://dx.doi.org/10.1007/978-981-16-1543-6\_6},
    booktitle={Proceedings of Research and Applications in Artificial Intelligence},
    publisher={Springer Singapore},
    author={Das, Sourav and Kolya, Anup Kumar},
    year={2021},
    pages={63-73} 
}
